@book{Cucker-Zhou:Learning-Theory,
  title     = {Learning theory: An approximation theory viewpoint},
  author    = {Felipe Cucker and Ding Xuan Zhou},
  publisher = {Cambridge University Press},
  isbn      = {9780521865593; 052186559X},
  year      = {2007},
  edition   = {1st}
}
@book{Paulsen-Raghupathi:Intro-RKHS,
  title     = {An Introduction to the Theory of Reproducing Kernel Hilbert Spaces},
  author    = {Vern I. Paulsen and Mrinal Raghupathi},
  publisher = {Cambridge University Press},
  isbn      = {9781107104099; 1107104092},
  year      = {2016},
  edition   = {1st}
}
@book{Christmann-Steinwart:SVM,
  title     = {Support vector machines},
  author    = {Andreas Christmann and Ingo Steinwart},
  publisher = {Springer},
  isbn      = {0387772421; 0387772413},
  year      = {2008},
  edition   = {1st}
}
@book{Schlkopf-Smola:Learning-with-kernels,
  title     = {Learning with Kernels: Support Vector Machines, Regularization, Optimization, and Beyond},
  author    = {Bernhard Schlkopf and Alexander J. Smola},
  publisher = {The MIT Press},
  isbn      = {9780262194754; 0262194759},
  year      = {2001},
  edition   = {1st}
}
@book{Berlinet:RKHS,
  title     = {Reproducing Kernel Hilbert Spaces in Probability and Statistics},
  author    = {Alain Berlinet and Christine Thomas-Agnan},
  publisher = {Springer},
  isbn      = {9781441990969; 1441990968},
  year      = {2004},
  edition   = {1st}
}